@article{dalle2,
  title={DALLÂ·E 2 Preview - Risks and Limitations},
  author={Mishkin, Pamela and Ahmad, Lama and Brundage, Miles and Krueger, Gretchen and Sastry, Girish},
  year={2022}
  url={[https://github.com/openai/dalle-2-preview/blob/main/system-card.md](https://github.com/openai/dalle-2-preview/blob/main/system-card.md)}
}

@misc{https://doi.org/10.48550/arxiv.2205.11487,
  doi = {10.48550/ARXIV.2205.11487},
  
  url = {https://arxiv.org/abs/2205.11487},
  
  author = {Saharia, Chitwan and Chan, William and Saxena, Saurabh and Li, Lala and Whang, Jay and Denton, Emily and Ghasemipour, Seyed Kamyar Seyed and Ayan, Burcu Karagol and Mahdavi, S. Sara and Lopes, Rapha Gontijo and Salimans, Tim and Ho, Jonathan and Fleet, David J and Norouzi, Mohammad},
  
  keywords = {Computer Vision and Pattern Recognition (cs.CV), Machine Learning (cs.LG), FOS: Computer and information sciences, FOS: Computer and information sciences},
  
  title = {Photorealistic Text-to-Image Diffusion Models with Deep Language Understanding},
  
  publisher = {arXiv},
  
  year = {2022},
  
  copyright = {arXiv.org perpetual, non-exclusive license}
}

@article{glide,
  author    = {Alex Nichol and
               Prafulla Dhariwal and
               Aditya Ramesh and
               Pranav Shyam and
               Pamela Mishkin and
               Bob McGrew and
               Ilya Sutskever and
               Mark Chen},
  title     = {{GLIDE:} Towards Photorealistic Image Generation and Editing with
               Text-Guided Diffusion Models},
  journal   = {CoRR},
  volume    = {abs/2112.10741},
  year      = {2021},
  url       = {https://arxiv.org/abs/2112.10741},
  eprinttype = {arXiv},
  eprint    = {2112.10741},
  timestamp = {Tue, 04 Jan 2022 15:59:27 +0100},
  biburl    = {https://dblp.org/rec/journals/corr/abs-2112-10741.bib},
  bibsource = {dblp computer science bibliography, https://dblp.org}
}

@article{DBLP:journals/corr/abs-2105-06337,
  author    = {Vadim Popov and
               Ivan Vovk and
               Vladimir Gogoryan and
               Tasnima Sadekova and
               Mikhail A. Kudinov},
  title     = {Grad-TTS: {A} Diffusion Probabilistic Model for Text-to-Speech},
  journal   = {CoRR},
  volume    = {abs/2105.06337},
  year      = {2021},
  url       = {https://arxiv.org/abs/2105.06337},
  eprinttype = {arXiv},
  eprint    = {2105.06337},
  timestamp = {Tue, 18 May 2021 18:46:40 +0200},
  biburl    = {https://dblp.org/rec/journals/corr/abs-2105-06337.bib},
  bibsource = {dblp computer science bibliography, https://dblp.org}
}

@misc{https://doi.org/10.48550/arxiv.2207.09983,
  doi = {10.48550/ARXIV.2207.09983},
  
  url = {https://arxiv.org/abs/2207.09983},
  
  author = {Yang, Dongchao and Yu, Jianwei and Wang, Helin and Wang, Wen and Weng, Chao and Zou, Yuexian and Yu, Dong},
  
  keywords = {Sound (cs.SD), Artificial Intelligence (cs.AI), Audio and Speech Processing (eess.AS), FOS: Computer and information sciences, FOS: Computer and information sciences, FOS: Electrical engineering, electronic engineering, information engineering, FOS: Electrical engineering, electronic engineering, information engineering},
  
  title = {Diffsound: Discrete Diffusion Model for Text-to-sound Generation},
  
  publisher = {arXiv},
  
  year = {2022},
  
  copyright = {arXiv.org perpetual, non-exclusive license}
}

@article{https://doi.org/10.48550/arxiv.1412.6632,
  doi = {10.48550/ARXIV.1412.6632},
  
  url = {https://arxiv.org/abs/1412.6632},
  
  author = {Mao, Junhua and Xu, Wei and Yang, Yi and Wang, Jiang and Huang, Zhiheng and Yuille, Alan},
  
  keywords = {Computer Vision and Pattern Recognition (cs.CV), Computation and Language (cs.CL), Machine Learning (cs.LG), FOS: Computer and information sciences, FOS: Computer and information sciences, I.2.6; I.2.7; I.2.10},
  
  title = {Deep Captioning with Multimodal Recurrent Neural Networks (m-RNN)},
  
  publisher = {arXiv},
  
  year = {2014},
  
  copyright = {arXiv.org perpetual, non-exclusive license}
}

@article{DBLP:journals/corr/XuBKCCSZB15,
  author    = {Kelvin Xu and
               Jimmy Ba and
               Ryan Kiros and
               Kyunghyun Cho and
               Aaron C. Courville and
               Ruslan Salakhutdinov and
               Richard S. Zemel and
               Yoshua Bengio},
  title     = {Show, Attend and Tell: Neural Image Caption Generation with Visual
               Attention},
  journal   = {CoRR},
  volume    = {abs/1502.03044},
  year      = {2015},
  url       = {http://arxiv.org/abs/1502.03044},
  eprinttype = {arXiv},
  eprint    = {1502.03044},
  timestamp = {Mon, 13 Aug 2018 16:47:52 +0200},
  biburl    = {https://dblp.org/rec/journals/corr/XuBKCCSZB15.bib},
  bibsource = {dblp computer science bibliography, https://dblp.org}
}

@article{DBLP:journals/corr/LuXPS16,
  author    = {Jiasen Lu and
               Caiming Xiong and
               Devi Parikh and
               Richard Socher},
  title     = {Knowing When to Look: Adaptive Attention via {A} Visual Sentinel for
               Image Captioning},
  journal   = {CoRR},
  volume    = {abs/1612.01887},
  year      = {2016},
  url       = {http://arxiv.org/abs/1612.01887},
  eprinttype = {arXiv},
  eprint    = {1612.01887},
  timestamp = {Mon, 13 Aug 2018 16:46:57 +0200},
  biburl    = {https://dblp.org/rec/journals/corr/LuXPS16.bib},
  bibsource = {dblp computer science bibliography, https://dblp.org}
}

@article{cascade-RNN,
author = {WU, Jie and Hu, Haifeng},
year = {2017},
month = {10},
pages = {},
title = {Cascade Recurrent Neural Network for Image Caption Generation},
volume = {53},
journal = {Electronics Letters},
doi = {10.1049/el.2017.3159}
}

@article{gla,
  author    = {Nhat Le and
               Khanh Nguyen and
               Anh Nguyen and
               Bac Le},
  title     = {Global-Local Attention for Emotion Recognition},
  journal   = {CoRR},
  volume    = {abs/2111.04129},
  year      = {2021},
  url       = {https://arxiv.org/abs/2111.04129},
  eprinttype = {arXiv},
  eprint    = {2111.04129},
  timestamp = {Wed, 10 Nov 2021 16:07:30 +0100},
  biburl    = {https://dblp.org/rec/journals/corr/abs-2111-04129.bib},
  bibsource = {dblp computer science bibliography, https://dblp.org}
}

@article{stack-vs,
  author    = {Wei Wei and
               Ling Cheng and
               Xianling Mao and
               Guangyou Zhou and
               Feida Zhu},
  title     = {Stack-VS: Stacked Visual-Semantic Attention for Image Caption Generation},
  journal   = {CoRR},
  volume    = {abs/1909.02489},
  year      = {2019},
  url       = {http://arxiv.org/abs/1909.02489},
  eprinttype = {arXiv},
  eprint    = {1909.02489},
  timestamp = {Thu, 14 Nov 2019 15:36:53 +0100},
  biburl    = {https://dblp.org/rec/journals/corr/abs-1909-02489.bib},
  bibsource = {dblp computer science bibliography, https://dblp.org}
}

@article{ddpm,
  author    = {Jonathan Ho and Ajay Jain and Pieter Abbeel},
  title     = {Denoising Diffusion Probabilistic Models},
  journal   = {CoRR},
  volume    = {abs/2006.11239},
  year      = {2020},
  url       = {https://arxiv.org/abs/2006.11239},
  eprinttype = {arXiv},
  eprint    = {2006.11239},
  timestamp = {Tue, 23 Jun 2020 17:57:22 +0200},
  biburl    = {https://dblp.org/rec/journals/corr/abs-2006-11239.bib},
  bibsource = {dblp computer science bibliography, https://dblp.org}
}

@article{improved-ddpm,
  author    = {Alex Nichol and
               Prafulla Dhariwal},
  title     = {Improved Denoising Diffusion Probabilistic Models},
  journal   = {CoRR},
  volume    = {abs/2102.09672},
  year      = {2021},
  url       = {https://arxiv.org/abs/2102.09672},
  eprinttype = {arXiv},
  eprint    = {2102.09672},
  timestamp = {Wed, 24 Feb 2021 15:42:45 +0100},
  biburl    = {https://dblp.org/rec/journals/corr/abs-2102-09672.bib},
  bibsource = {dblp computer science bibliography, https://dblp.org}
}

@article{ddim,
  author    = {Jiaming Song and
               Chenlin Meng and
               Stefano Ermon},
  title     = {Denoising Diffusion Implicit Models},
  journal   = {CoRR},
  volume    = {abs/2010.02502},
  year      = {2020},
  url       = {https://arxiv.org/abs/2010.02502},
  eprinttype = {arXiv},
  eprint    = {2010.02502},
  timestamp = {Mon, 12 Oct 2020 17:53:10 +0200},
  biburl    = {https://dblp.org/rec/journals/corr/abs-2010-02502.bib},
  bibsource = {dblp computer science bibliography, https://dblp.org}
}

@misc{diffuselm,
  doi = {10.48550/ARXIV.2205.14217},
  
  url = {https://arxiv.org/abs/2205.14217},
  
  author = {Li, Xiang Lisa and Thickstun, John and Gulrajani, Ishaan and Liang, Percy and Hashimoto, Tatsunori B.},
  
  keywords = {Computation and Language (cs.CL), Artificial Intelligence (cs.AI), Machine Learning (cs.LG), FOS: Computer and information sciences, FOS: Computer and information sciences},
  
  title = {Diffusion-LM Improves Controllable Text Generation},
  
  publisher = {arXiv},
  
  year = {2022},
  
  copyright = {Creative Commons Attribution 4.0 International}
}

@article{unet,
  author    = {Olaf Ronneberger and
               Philipp Fischer and
               Thomas Brox},
  title     = {U-Net: Convolutional Networks for Biomedical Image Segmentation},
  journal   = {CoRR},
  volume    = {abs/1505.04597},
  year      = {2015},
  url       = {http://arxiv.org/abs/1505.04597},
  eprinttype = {arXiv},
  eprint    = {1505.04597},
  timestamp = {Mon, 13 Aug 2018 16:46:52 +0200},
  biburl    = {https://dblp.org/rec/journals/corr/RonnebergerFB15.bib},
  bibsource = {dblp computer science bibliography, https://dblp.org}
}

@article{bert,
  author    = {Jacob Devlin and
               Ming{-}Wei Chang and
               Kenton Lee and
               Kristina Toutanova},
  title     = {{BERT:} Pre-training of Deep Bidirectional Transformers for Language
               Understanding},
  journal   = {CoRR},
  volume    = {abs/1810.04805},
  year      = {2018},
  url       = {http://arxiv.org/abs/1810.04805},
  eprinttype = {arXiv},
  eprint    = {1810.04805},
  timestamp = {Tue, 30 Oct 2018 20:39:56 +0100},
  biburl    = {https://dblp.org/rec/journals/corr/abs-1810-04805.bib},
  bibsource = {dblp computer science bibliography, https://dblp.org}
}

@article{distilbert,
  author    = {Victor Sanh and
               Lysandre Debut and
               Julien Chaumond and
               Thomas Wolf},
  title     = {DistilBERT, a distilled version of {BERT:} smaller, faster, cheaper
               and lighter},
  journal   = {CoRR},
  volume    = {abs/1910.01108},
  year      = {2019},
  url       = {http://arxiv.org/abs/1910.01108},
  eprinttype = {arXiv},
  eprint    = {1910.01108},
  timestamp = {Tue, 02 Jun 2020 12:48:59 +0200},
  biburl    = {https://dblp.org/rec/journals/corr/abs-1910-01108.bib},
  bibsource = {dblp computer science bibliography, https://dblp.org}
}

@article{clip,
  author    = {Alec Radford and
               Jong Wook Kim and
               Chris Hallacy and
               Aditya Ramesh and
               Gabriel Goh and
               Sandhini Agarwal and
               Girish Sastry and
               Amanda Askell and
               Pamela Mishkin and
               Jack Clark and
               Gretchen Krueger and
               Ilya Sutskever},
  title     = {Learning Transferable Visual Models From Natural Language Supervision},
  journal   = {CoRR},
  volume    = {abs/2103.00020},
  year      = {2021},
  url       = {https://arxiv.org/abs/2103.00020},
  eprinttype = {arXiv},
  eprint    = {2103.00020},
  timestamp = {Thu, 04 Mar 2021 17:00:40 +0100},
  biburl    = {https://dblp.org/rec/journals/corr/abs-2103-00020.bib},
  bibsource = {dblp computer science bibliography, https://dblp.org}
}

@article{diffuseBeatGan,
  author    = {Prafulla Dhariwal and
               Alex Nichol},
  title     = {Diffusion Models Beat GANs on Image Synthesis},
  journal   = {CoRR},
  volume    = {abs/2105.05233},
  year      = {2021},
  url       = {https://arxiv.org/abs/2105.05233},
  eprinttype = {arXiv},
  eprint    = {2105.05233},
  timestamp = {Fri, 14 May 2021 12:13:30 +0200},
  biburl    = {https://dblp.org/rec/journals/corr/abs-2105-05233.bib},
  bibsource = {dblp computer science bibliography, https://dblp.org}
}

@article{coco,
  author    = {Tsung{-}Yi Lin and
               Michael Maire and
               Serge J. Belongie and
               Lubomir D. Bourdev and
               Ross B. Girshick and
               James Hays and
               Pietro Perona and
               Deva Ramanan and
               Piotr Doll{\'{a}}r and
               C. Lawrence Zitnick},
  title     = {Microsoft {COCO:} Common Objects in Context},
  journal   = {CoRR},
  volume    = {abs/1405.0312},
  year      = {2014},
  url       = {http://arxiv.org/abs/1405.0312},
  eprinttype = {arXiv},
  eprint    = {1405.0312},
  timestamp = {Mon, 13 Aug 2018 16:48:13 +0200},
  biburl    = {https://dblp.org/rec/journals/corr/LinMBHPRDZ14.bib},
  bibsource = {dblp computer science bibliography, https://dblp.org}
}

@article{image-caption-with-pos,
title = {Image Caption Generation with Part of Speech Guidance},
journal = {Pattern Recognition Letters},
volume = {119},
pages = {229-237},
year = {2019},
note = {Deep Learning for Pattern Recognition},
issn = {0167-8655},
doi = {https://doi.org/10.1016/j.patrec.2017.10.018},
url = {https://www.sciencedirect.com/science/article/pii/S0167865517303811},
author = {Xinwei He and Baoguang Shi and Xiang Bai and Gui-Song Xia and Zhaoxiang Zhang and Weisheng Dong},
keywords = {Image caption generation, Part-of-speech tags, Long Short-Term Memory, Visual attributes},
}

@article{DBLP:journals/corr/abs-1811-10787,
  author    = {Yang Feng and
               Lin Ma and
               Wei Liu and
               Jiebo Luo},
  title     = {Unsupervised Image Captioning},
  journal   = {CoRR},
  volume    = {abs/1811.10787},
  year      = {2018},
  url       = {http://arxiv.org/abs/1811.10787},
  eprinttype = {arXiv},
  eprint    = {1811.10787},
  timestamp = {Thu, 28 Nov 2019 07:55:53 +0100},
  biburl    = {https://dblp.org/rec/journals/corr/abs-1811-10787.bib},
  bibsource = {dblp computer science bibliography, https://dblp.org}
}

@INPROCEEDINGS{mscap,  author={Guo, Longteng and Liu, Jing and Yao, Peng and Li, Jiangwei and Lu, Hanqing},  booktitle={2019 IEEE/CVF Conference on Computer Vision and Pattern Recognition (CVPR)},   title={MSCap: Multi-Style Image Captioning With Unpaired Stylized Text},   year={2019},  volume={},  number={},  pages={4199-4208},  doi={10.1109/CVPR.2019.00433}}

@Article{vae-caption,
AUTHOR = {Kim, Boeun and Shin, Saim and Jung, Hyedong},
TITLE = {Variational Autoencoder-Based Multiple Image Captioning Using a Caption Attention Map},
JOURNAL = {Applied Sciences},
VOLUME = {9},
YEAR = {2019},
NUMBER = {13},
ARTICLE-NUMBER = {2699},
URL = {https://www.mdpi.com/2076-3417/9/13/2699},
ISSN = {2076-3417},
DOI = {10.3390/app9132699}
}

@article{clipcap,
  author    = {Ron Mokady and
               Amir Hertz and
               Amit H. Bermano},
  title     = {ClipCap: {CLIP} Prefix for Image Captioning},
  journal   = {CoRR},
  volume    = {abs/2111.09734},
  year      = {2021},
  url       = {https://arxiv.org/abs/2111.09734},
  eprinttype = {arXiv},
  eprint    = {2111.09734},
  timestamp = {Mon, 22 Nov 2021 16:44:06 +0100},
  biburl    = {https://dblp.org/rec/journals/corr/abs-2111-09734.bib},
  bibsource = {dblp computer science bibliography, https://dblp.org}
}

@misc{grit,
  doi = {10.48550/ARXIV.2207.09666},
  
  url = {https://arxiv.org/abs/2207.09666},
  
  author = {Nguyen, Van-Quang and Suganuma, Masanori and Okatani, Takayuki},
  
  keywords = {Computer Vision and Pattern Recognition (cs.CV), Artificial Intelligence (cs.AI), Computation and Language (cs.CL), FOS: Computer and information sciences, FOS: Computer and information sciences},
  
  title = {GRIT: Faster and Better Image captioning Transformer Using Dual Visual Features},
  
  publisher = {arXiv},
  
  year = {2022},
  
  copyright = {Creative Commons Attribution 4.0 International}
}

@misc{mplug,
  doi = {10.48550/ARXIV.2205.12005},
  
  url = {https://arxiv.org/abs/2205.12005},
  
  author = {Li, Chenliang and Xu, Haiyang and Tian, Junfeng and Wang, Wei and Yan, Ming and Bi, Bin and Ye, Jiabo and Chen, Hehong and Xu, Guohai and Cao, Zheng and Zhang, Ji and Huang, Songfang and Huang, Fei and Zhou, Jingren and Si, Luo},
  
  keywords = {Computation and Language (cs.CL), Computer Vision and Pattern Recognition (cs.CV), FOS: Computer and information sciences, FOS: Computer and information sciences},
  
  title = {mPLUG: Effective and Efficient Vision-Language Learning by Cross-modal Skip-connections},
  
  publisher = {arXiv},
  
  year = {2022},
  
  copyright = {Creative Commons Attribution 4.0 International}
}


@article{masked-non-autoregres,
  author    = {Junlong Gao and
               Xi Meng and
               Shiqi Wang and
               Xia Li and
               Shanshe Wang and
               Siwei Ma and
               Wen Gao},
  title     = {Masked Non-Autoregressive Image Captioning},
  journal   = {CoRR},
  volume    = {abs/1906.00717},
  year      = {2019},
  url       = {http://arxiv.org/abs/1906.00717},
  eprinttype = {arXiv},
  eprint    = {1906.00717},
  timestamp = {Thu, 07 May 2020 10:44:26 +0200},
  biburl    = {https://dblp.org/rec/journals/corr/abs-1906-00717.bib},
  bibsource = {dblp computer science bibliography, https://dblp.org}
}

@article{partial-autoregressive, 
title={Partially Non-Autoregressive Image Captioning}, volume={35}, url={https://ojs.aaai.org/index.php/AAAI/article/view/16219}, DOI={10.1609/aaai.v35i2.16219}, number={2}, journal={Proceedings of the AAAI Conference on Artificial Intelligence}, author={Fei, Zhengcong}, year={2021}, month={May}, pages={1309-1316} }

@article{semi-autoregressive,
  author    = {Xu Yan and
               Zhengcong Fei and
               Zekang Li and
               Shuhui Wang and
               Qingming Huang and
               Qi Tian},
  title     = {Semi-Autoregressive Image Captioning},
  journal   = {CoRR},
  volume    = {abs/2110.05342},
  year      = {2021},
  url       = {https://arxiv.org/abs/2110.05342},
  eprinttype = {arXiv},
  eprint    = {2110.05342},
  timestamp = {Thu, 21 Oct 2021 16:20:08 +0200},
  biburl    = {https://dblp.org/rec/journals/corr/abs-2110-05342.bib},
  bibsource = {dblp computer science bibliography, https://dblp.org}
}

@misc{classifier-free,
  doi = {10.48550/ARXIV.2207.12598},
  
  url = {https://arxiv.org/abs/2207.12598},
  
  author = {Ho, Jonathan and Salimans, Tim},
  
  keywords = {Machine Learning (cs.LG), Artificial Intelligence (cs.AI), FOS: Computer and information sciences, FOS: Computer and information sciences},
  
  title = {Classifier-Free Diffusion Guidance},
  
  publisher = {arXiv},
  
  year = {2022},
  
  copyright = {arXiv.org perpetual, non-exclusive license}
}

@article{high-resolution-image-synthesis,
  author    = {Robin Rombach and
               Andreas Blattmann and
               Dominik Lorenz and
               Patrick Esser and
               Bj{\"{o}}rn Ommer},
  title     = {High-Resolution Image Synthesis with Latent Diffusion Models},
  journal   = {CoRR},
  volume    = {abs/2112.10752},
  year      = {2021},
  url       = {https://arxiv.org/abs/2112.10752},
  eprinttype = {arXiv},
  eprint    = {2112.10752},
  timestamp = {Tue, 04 Jan 2022 15:59:27 +0100},
  biburl    = {https://dblp.org/rec/journals/corr/abs-2112-10752.bib},
  bibsource = {dblp computer science bibliography, https://dblp.org}
}

@misc{lseg,
      title={Language-driven Semantic Segmentation}, 
      author={Boyi Li and Kilian Q. Weinberger and Serge Belongie and Vladlen Koltun and RenÃ© Ranftl},
      year={2022},
      eprint={2201.03546},
      archivePrefix={arXiv},
      primaryClass={cs.CV}
}

@misc{groupvit,
      title={GroupViT: Semantic Segmentation Emerges from Text Supervision}, 
      author={Jiarui Xu and Shalini De Mello and Sifei Liu and Wonmin Byeon and Thomas Breuel and Jan Kautz and Xiaolong Wang},
      year={2022},
      eprint={2202.11094},
      archivePrefix={arXiv},
      primaryClass={cs.CV}
}

@misc{vild,
      title={Open-vocabulary Object Detection via Vision and Language Knowledge Distillation}, 
      author={Xiuye Gu and Tsung-Yi Lin and Weicheng Kuo and Yin Cui},
      year={2022},
      eprint={2104.13921},
      archivePrefix={arXiv},
      primaryClass={cs.CV}
}

@misc{glip,
      title={Grounded Language-Image Pre-training}, 
      author={Liunian Harold Li and Pengchuan Zhang and Haotian Zhang and Jianwei Yang and Chunyuan Li and Yiwu Zhong and Lijuan Wang and Lu Yuan and Lei Zhang and Jenq-Neng Hwang and Kai-Wei Chang and Jianfeng Gao},
      year={2022},
      eprint={2112.03857},
      archivePrefix={arXiv},
      primaryClass={cs.CV}
}

@misc{clipasso,
      title={CLIPasso: Semantically-Aware Object Sketching}, 
      author={Yael Vinker and Ehsan Pajouheshgar and Jessica Y. Bo and Roman Christian Bachmann and Amit Haim Bermano and Daniel Cohen-Or and Amir Zamir and Ariel Shamir},
      year={2022},
      eprint={2202.05822},
      archivePrefix={arXiv},
      primaryClass={cs.GR}
}

@misc{clip4clip,
  doi = {10.48550/ARXIV.2104.08860},
  
  url = {https://arxiv.org/abs/2104.08860},
  
  author = {Luo, Huaishao and Ji, Lei and Zhong, Ming and Chen, Yang and Lei, Wen and Duan, Nan and Li, Tianrui},
  
  keywords = {Computer Vision and Pattern Recognition (cs.CV), FOS: Computer and information sciences, FOS: Computer and information sciences},
  
  title = {CLIP4Clip: An Empirical Study of CLIP for End to End Video Clip Retrieval},
  
  publisher = {arXiv},
  
  year = {2021},
  
  copyright = {Creative Commons Attribution 4.0 International}
}

@misc{actionclip,
      title={ActionCLIP: A New Paradigm for Video Action Recognition}, 
      author={Mengmeng Wang and Jiazheng Xing and Yong Liu},
      year={2021},
      eprint={2109.08472},
      archivePrefix={arXiv},
      primaryClass={cs.CV}
}

@misc{gan,
  doi = {10.48550/ARXIV.1406.2661},
  
  url = {https://arxiv.org/abs/1406.2661},
  
  author = {Goodfellow, Ian J. and Pouget-Abadie, Jean and Mirza, Mehdi and Xu, Bing and Warde-Farley, David and Ozair, Sherjil and Courville, Aaron and Bengio, Yoshua},
  
  keywords = {Machine Learning (stat.ML), Machine Learning (cs.LG), FOS: Computer and information sciences, FOS: Computer and information sciences},
  
  title = {Generative Adversarial Networks},
  
  publisher = {arXiv},
  
  year = {2014},
  
  copyright = {arXiv.org perpetual, non-exclusive license}
}

@misc{vae,
  doi = {10.48550/ARXIV.1312.6114},
  
  url = {https://arxiv.org/abs/1312.6114},
  
  author = {Kingma, Diederik P and Welling, Max},
  
  keywords = {Machine Learning (stat.ML), Machine Learning (cs.LG), FOS: Computer and information sciences, FOS: Computer and information sciences},
  
  title = {Auto-Encoding Variational Bayes},
  
  publisher = {arXiv},
  
  year = {2013},
  
  copyright = {arXiv.org perpetual, non-exclusive license}
}

@misc{vit,
  doi = {10.48550/ARXIV.2010.11929},
  
  url = {https://arxiv.org/abs/2010.11929},
  
  author = {Dosovitskiy, Alexey and Beyer, Lucas and Kolesnikov, Alexander and Weissenborn, Dirk and Zhai, Xiaohua and Unterthiner, Thomas and Dehghani, Mostafa and Minderer, Matthias and Heigold, Georg and Gelly, Sylvain and Uszkoreit, Jakob and Houlsby, Neil},
  
  keywords = {Computer Vision and Pattern Recognition (cs.CV), Artificial Intelligence (cs.AI), Machine Learning (cs.LG), FOS: Computer and information sciences, FOS: Computer and information sciences},
  
  title = {An Image is Worth 16x16 Words: Transformers for Image Recognition at Scale},
  
  publisher = {arXiv},
  
  year = {2020},
  
  copyright = {arXiv.org perpetual, non-exclusive license}
}

@article{gpt,
  title={Language models are unsupervised multitask learners},
  author={Radford, Alec and Wu, Jeffrey and Child, Rewon and Luan, David and Amodei, Dario and Sutskever, Ilya and others},
  journal={OpenAI blog},
  volume={1},
  number={8},
  pages={9},
  year={2019}
}

@misc{transformer,
  doi = {10.48550/ARXIV.1706.03762},
  
  url = {https://arxiv.org/abs/1706.03762},
  
  author = {Vaswani, Ashish and Shazeer, Noam and Parmar, Niki and Uszkoreit, Jakob and Jones, Llion and Gomez, Aidan N. and Kaiser, Lukasz and Polosukhin, Illia},
  
  keywords = {Computation and Language (cs.CL), Machine Learning (cs.LG), FOS: Computer and information sciences, FOS: Computer and information sciences},
  
  title = {Attention Is All You Need},
  
  publisher = {arXiv},
  
  year = {2017},
  
  copyright = {arXiv.org perpetual, non-exclusive license}
}

@article{flickr30k,
    title = "From image descriptions to visual denotations: New similarity metrics for semantic inference over event descriptions",
    author = "Young, Peter  and
      Lai, Alice  and
      Hodosh, Micah  and
      Hockenmaier, Julia",
    journal = "Transactions of the Association for Computational Linguistics",
    volume = "2",
    year = "2014",
    address = "Cambridge, MA",
    publisher = "MIT Press",
    url = "https://aclanthology.org/Q14-1006",
    doi = "10.1162/tacl_a_00166",
    pages = "67--78",
    abstract = "We propose to use the visual denotations of linguistic expressions (i.e. the set of images they describe) to define novel denotational similarity metrics, which we show to be at least as beneficial as distributional similarities for two tasks that require semantic inference. To compute these denotational similarities, we construct a denotation graph, i.e. a subsumption hierarchy over constituents and their denotations, based on a large corpus of 30K images and 150K descriptive captions.",
}

@article{flickr8k,
  title={Framing Image Description as a Ranking Task: Data, Models and Evaluation Metrics (Extended Abstract)},
  author={Micah Hodosh and Peter Young and J. Hockenmaier},
  journal={J. Artif. Intell. Res.},
  year={2013},
  volume={47},
  pages={853-899}
}

@misc{cosine-scheduling-lr,
  doi = {10.48550/ARXIV.1608.03983},
  
  url = {https://arxiv.org/abs/1608.03983},
  
  author = {Loshchilov, Ilya and Hutter, Frank},
  
  keywords = {Machine Learning (cs.LG), Neural and Evolutionary Computing (cs.NE), Optimization and Control (math.OC), FOS: Computer and information sciences, FOS: Computer and information sciences, FOS: Mathematics, FOS: Mathematics},
  
  title = {SGDR: Stochastic Gradient Descent with Warm Restarts},
  
  publisher = {arXiv},
  
  year = {2016},
  
  copyright = {arXiv.org perpetual, non-exclusive license}
}

@misc{vilt,
  doi = {10.48550/ARXIV.2102.03334},
  
  url = {https://arxiv.org/abs/2102.03334},
  
  author = {Kim, Wonjae and Son, Bokyung and Kim, Ildoo},
  
  keywords = {Machine Learning (stat.ML), Machine Learning (cs.LG), FOS: Computer and information sciences, FOS: Computer and information sciences},
  
  title = {ViLT: Vision-and-Language Transformer Without Convolution or Region Supervision},
  
  publisher = {arXiv},
  
  year = {2021},
  
  copyright = {arXiv.org perpetual, non-exclusive license}
}

@misc{faster-rcnn,
      title={Faster R-CNN: Towards Real-Time Object Detection with Region Proposal Networks}, 
      author={Shaoqing Ren and Kaiming He and Ross Girshick and Jian Sun},
      year={2016},
      eprint={1506.01497},
      archivePrefix={arXiv},
      primaryClass={cs.CV}
}

@misc{swin,
      title={Swin Transformer: Hierarchical Vision Transformer using Shifted Windows}, 
      author={Ze Liu and Yutong Lin and Yue Cao and Han Hu and Yixuan Wei and Zheng Zhang and Stephen Lin and Baining Guo},
      year={2021},
      eprint={2103.14030},
      archivePrefix={arXiv},
      primaryClass={cs.CV}
}

@INPROCEEDINGS{imagenet,  author={Deng, Jia and Dong, Wei and Socher, Richard and Li, Li-Jia and Kai Li and Li Fei-Fei},  booktitle={2009 IEEE Conference on Computer Vision and Pattern Recognition},   title={ImageNet: A large-scale hierarchical image database},   year={2009},  volume={},  number={},  pages={248-255},  doi={10.1109/CVPR.2009.5206848}}